@book{brešar2019undergraduate,
  title={Undergraduate Algebra: A Unified Approach},
  author={Brešar, M.},
  isbn={9783030140526},
  year={2019},
  publisher={Springer International Publishing}
}
